% This file was created with JabRef 2.10.
% Encoding: Cp1252


@Misc{misc:androidsmsread,
  Title                    = {Read SMS Message from Inbox / Sent / Draft in Android},

  Author                   = {Vimal Rughani},
  Month                    = {October},
  Year                     = {2013},

  Owner                    = {Praetorian},
  Timestamp                = {2015.02.09},
  Url                      = {http://pulse7.net/android/read-sms-message-inbox-sent-draft-android/}
}

@article{hoeks1993pupillary,
	title={Pupillary dilation as a measure of attention: A quantitative system analysis},
	author={Hoeks, Bert and Levelt, Willem JM},
	journal={Behavior Research Methods, Instruments, \& Computers},
	volume={25},
	number={1},
	pages={16--26},
	year={1993},
	publisher={Springer}
}

@article{kulkarni2009facial,
	title={Facial expression (mood) recognition from facial images using committee neural networks},
	author={Kulkarni, Saket S and Reddy, Narender P and Hariharan, SI},
	journal={Biomedical engineering online},
	volume={8},
	number={1},
	pages={16},
	year={2009},
	publisher={BioMed Central Ltd}
@INPROCEEDINGS{6168572, 
author={Shirvan, R.A. and Tahami, E.}, 
booktitle={Biomedical Engineering (ICBME), 2011 18th Iranian Conference of}, 
title={Voice analysis for detecting Parkinson's disease using genetic algorithm and KNN classification method}, 
year={2011}, 
month={Dec}, 
pages={278-283}, 
keywords={diseases;feature extraction;genetic algorithms;medical disorders;medical signal detection;medical signal processing;signal classification;speech processing;KNN classification method;Parkinson's disease detection;classification accuracy;data classification;feature extraction;genetic algorithm;optimized feature;patient speech;speech disorders;vocal folds;voice analysis;voice disorders;voice signal;Accuracy;Biological cells;Diseases;Equations;Feature extraction;Genetic algorithms;Speech}, 
doi={10.1109/ICBME.2011.6168572},}

@INPROCEEDINGS{6346375, 
author={Vanello, N. and Guidi, A. and Gentili, C. and Werner, S. and Bertschy, G. and Valenza, G. and Lanata, A. and Scilingo, E.P.}, 
booktitle={Engineering in Medicine and Biology Society (EMBC), 2012 Annual International Conference of the IEEE}, 
title={Speech analysis for mood state characterization in bipolar patients}, 
year={2012}, 
month={Aug}, 
pages={2104-2107}, 
keywords={medical disorders;medical signal processing;speech intelligibility;automatic segmentation;bipolar disorder;depressive episode;electroglottographic signal;euthymic state;hypomanic episode;jitter;mood state characterization;multiparametric approach;physiological signal;pitch change;pitch standard deviation;running speech;spectral matching approach;speech analysis;speech feature estimation;unpredictable behavior;voice analysis;Algorithm design and analysis;Correlation;Databases;Feature extraction;Jitter;Mood;Speech;Affect;Algorithms;Bipolar Disorder;Diagnosis, Computer-Assisted;Female;Humans;Male;Reproducibility of Results;Sensitivity and Specificity;Sound Spectrography;Speech;Speech Production Measurement}, 
doi={10.1109/EMBC.2012.6346375}, 
ISSN={1557-170X},}
}

